
@online{aerotools_1,
    author      = {{Hepperle, Martin}},
    title       = {Aerodynamics of Model Aircraft: Airfoil Index},
    year        = 2018,
    url         = {www.mh-aerotools.de/airfoils/index.htm},
    lastvisited = {2020-07-06},
    keywords    = {}
}

@online{aerotools_2,
    author      = {{Hepperle, Martin}},
    title       = {Basic Design of Flying Wing Models},
    year        = 2018,
    url         = {www.mh-aerotools.de/airfoils/flywing1.htm},
    lastvisited = {2020-07-10},
    keywords    = {}
}


@techreport{performace_hoIV,
  author       = {{Dezso Gyorgyfalvy}}, 
  title        = {Performance analysis of Horten IV Flying Wing},
  institution  = {Organisation Scientifique et Technique Internationale du Vol a Voile},
  year         = 1966,
  number       = {},
  address      = {},
  month        = 4,
  note         = {}
}

@inbook{kundu,
  author       = {{K. Kundu, Pijush} y {M. Cohen, Ira} y {R. Dowling, David}}, 
  title        = {Fluid Mechanics},
  chapter      = {A5},
  pages        = {855},
  publisher    = {Elsevier},
  year         = 2012,
  volume       = 1,
  series       = {},
  address      = {225 Wyman Street, Waltham, MA 02451, USA},
  edition      = 5,
  month        = {},
  note         = {}
}

@inbook{mccormick_1,
  author       = {{W. McCormick, Barnes}}, 
  title        = {Aerodynamics, Aeronautics y Flight Mechanics},
  chapter      = {3},
  pages        = {124, 125},
  publisher    = {John Wiley \& Sons, Inc.},
  year         = 1994,
  volume       = 1,
  series       = {},
  address      = {},
  edition      = 2,
  month        = {},
  note         = {}
}

@book{hoerner_1,
  author    = {{F. Hoerner, Sighard} y {V. Borst, Henry}}, 
  title     = {Fluid-dynamic lift},
  publisher = {Liselotte A. Hoerner},
  year      = 1985,
  volume    = {},
  series    = {},
  address   = {},
  edition   = 2,
  month     = {},
  note      = {},
  isbn      = {}
}


@book{franchini,
  author       = {{Franchini, Sebastián} y {López García, Oscar}}, 
  title        = {Introducción a la Ingeniería Aeroespacial},
  publisher    = {Ibergarceta Publicaciones},
  year      = 2012,
  volume    = {},
  series    = {},
  address   = {},
  edition   = 2,
  month     = {},
  note      = {},
  isbn      = {978-84-9281-290-5}
}

@inbook{franchini_2,
  author       = {{Franchini, Sebastián} y {López García, Oscar}}, 
  title        = {Introducción a la Ingeniería Aeroespacial},
  chapter      = {4},
  pages        = {327-361},
  publisher    = {Ibergarceta Publicaciones S.L.},
  year         = 2012,
  volume       = 1,
  series       = {},
  address      = {},
  edition      = 2,
  month        = {},
  note         = {}
}











